@article{hoftich:16,
  author={Michal Hoftich},
  title={Elektronické knihy a systém TeX4ebook},
  journal={Zpravodaj Československého sdružení uživatelů TeXu},
  year={2016}, 
  volume={26},
  number={1--4},
  pages={94--105},
  langid={Czech}, 
  url={http://bulletin.cstug.cz/doi.php/10.5300/2016-1-4/94}
}
@manual{make4ht,
title = {The Make4ht package},
subtitle = {A build system for tex4ht},
author = {Hoftich, Michal},
url = {http://www.ctan.org/pkg/make4ht},
urldate = {2018-12-14}, 
date = {2018},
version = {0.2c}
}

@manual{luaxml,
title = {The Luaxml package},
subtitle = {Lua library for reading and serialising XML files},
author = {Hoftich, Michal},
url = {http://www.ctan.org/pkg/luaxml},
urldate = {2018-12-14}, 
date = {2018-11-01},
version = {0.1g}
}

