@manual{responsive,
  title = {The Responsive package},
  author = {Hoftich, Michal},
  url = {https://github.com/michal-h21/responsive-latex},
  urldate = {2023-03-30}, 
  date = {2023-03-28},
}
@manual{luavlna,
  title = {The Luavlna package},
  subtitle = {Prevent line breaks after single letter words, units, or academic titles},
  author = {Hoftich, Michal},
  url = {https://ctan.org/pkg/luavlna},
  urldate = {2023-03-30}, 
  date = {2023-03-28},
  version = {0.1k},
}

@manual{linebreaker,
  title = {The Linebreaker package},
  subtitle = {Prevent overflow boxes with LuaLaTeX},
  author = {Hoftich, Michal},
  url = {https://ctan.org/pkg/linebreaker},
  urldate = {2023-03-30}, 
  date = {2023-03-21},
  version = {0.1c},
}

@manual{lua-widow-control,
  title = {The Lua-widow-control package},
  subtitle = {Automatically remove widows and orphans from any document},
  author = {Chernoff, Max},
  url = {https://ctan.org/pkg/lua-widow-control},
  urldate = {2023-03-30}, 
  date = {2022-11-22},
  version = {3.0.0},
}


