@article{hoftich19,
  title = {{\TeX4ht}: {\LaTeX} to Web publishing},
  author = {Michal Hoftich},
  journal = {TUGBoat},
  year =  {2019},
  url = {https://tug.org/TUGboat/tb40-1/tb124hoftich-make4ht.pdf},
  pages = {76-81},
  number={1},
  volume={40}
}
